<?xml version="1.0" encoding="UTF-8"?><collection xmlns="http://www.loc.gov/MARC21/slim"><record><leader>00360nam--2200121-i-4500</leader><controlfield tag="001">000012428</controlfield><controlfield tag="002">20161230</controlfield><controlfield tag="005">20161230201029</controlfield><controlfield tag="008">060222s1000------------r-----000-0-eng-d</controlfield><datafield ind1=" " ind2=" " tag="245"><subfield code="a">Developments in geotechnical engineering vol.11: dams and earthquakes</subfield></datafield><datafield ind1=" " ind2=" " tag="260"><subfield code="a">Amsterdam, Elsevier Sci.Publ.Co., 1976</subfield></datafield><datafield ind1=" " ind2=" " tag="700"><subfield code="a">Gupta, Harsh K.And Rastogi, B.K</subfield></datafield><datafield ind1=" " ind2=" " tag="852"><subfield code="a">45424</subfield></datafield></record></collection>